@article{albert:99,
	author = {Reka Albert and Albert-Laszlo Barabasi},
	title = {Emergence of Scaling in Random Networks},
	journal = {Science},
	volume = {286},
	year = {1999}} 

@article{albert:02,
	author = {Reka Albert and Albert-Laszlo Barabasi},
	title = {Statistical Mechanics of Complex Networks},
	journal = {Reviews of Modern Physics},
	volume = {74},
	year = {2002} 
}

@article{helmy:03,
	title = {Small Worlds in Wireless Networks},
	author = {Ahmed Helmy, Member, IEEE},
	journal = {IEEE Communications Letter},
	volume = {7},
	number = {10},
	year = {2003}}

@article{dong:15,
	author = {Ziqlain Dong and Zheng Wang and Wen Xie and Obinna Emelumadu and Chuan-Bi Lin and Roberto Rojas-Cessa},
	year = {2015},
	volume = {4},
	issue = {4},
	number = {2},
	pages = {259-278},
	journal = {Journal of Cyber Security and Mobility},
	title = {An Experimental Study of Small World Network Models for Wireless Networks}}
	
@article{telesford:11,
	title = {The Ubiquity of Small-World Networks},
	author = {Qawi {K. Telesford} and Karen {E. Joyce} and Satoru Hayasaka and Jonathan {H. Burdette} and Paul {J. Laurienti}},
	year = {2011},
	jounral = {Brain Connectivity},
	volume = {1},
	number = {5}}
	
@article{sohn:17, 
	title = {Small-World and Scale-Free Network Models for IoT Systems},
	author = {Insoo Sohn},
	year = {2017},
	journal = {Mobile Information Systems Special Issue, Embedded IoT Systems: Network, Platform, and Software},
	volume = {2017}} 	
	
@article{kim:12,
	title = {Scale-Free Wireless Networks with Limited Degree Information},
	journal = {IEEE Wireless Communications Letters},
	volume = {1},
	number = {5},
	pages = {428-431},
	year = {2012},
	author = {Y. Kim and B. Hong and W. Choi}}

@article{yang:08,
	author = {Shengxiang Yang},
	title = {Genetic Algorithms with memory and elitism based immigrants in dyanmic environments}, 
	journal = {Evolutionary Computing},
	year = {2008},
	volume = {16},
	number = {3},
	pages = {385-416}} 

@arcitle{broido:19,
	author = {Anna {D. Broido} and Aaron Clauset},
	year = {2019},
	title = {Scale-Free Networks are Rare},
	journal = {Nature Communications},
	volume = {10},
	number = {1017}
}

@article{rasheed:2013,
	author = {Shatha Abdullah Rasheed},
	year = {2013},
	title = {Solving Shortest Path Problems Using Genetic Algorithms},
	journal = {AL-USATH Journal for Human \& Social Sciences},
	volume = {2},
	number = {205}
}

@article{smith:21,
	author = {Keith Malcom Smith},
	year = {2021},
	title = {Explaining the emergence of complex networks through log-normal fitness in a Euclidean node similarity space},
	volume = {11},
	number = {1976}} 
	
@article{watts:98,
	author = {Duncan {J. Watts} and Steven {H. Strogatz}},
	year = {1998},
	title = {Collective Dynamics of `small-world' Networks},
		volume = {393},
		journal = {Nature}} 

@book{even:12, 
	author = {Shimon Even},
	year = {2012},
	title = {Graph Algorithms},
	publisher = {Cambridge University Press},
	edition = {2} 
} 

@article{baker:87,
	author = {James E. Baker},
	year = {1987},
	journal = {Proceedings of the Second International Conference on Genetic Algorithms and their Applications},
	pages = {14-21},
	title = {Reducing Bias and Inefficiency in the Selection Algorithm}}

@book{mitchell:97,
	author = {Tom {M. Mitchell}},
	year = {1997},
	title = {Machine Learning},
	publisher = {McGraw Hill Education},
	edition = {International Edition} 
}

@book{swamy:92, 
	author = {K. Thulasiraman and M. {N. S. Swamy}},
	year = {1992},
	title = {Graphs: Theory and Algorithms},
	publisher = {Wiley Interscience, John Wiley \& Sons, Inc.}
}

@book{coolen:17,
	author = {Ton Coolen and Alessia Annibale and Ekaterina Roberts},
	year = {2017},
	title = {Generating Random Networks and Graphs},
	publisher = {Oxford University Press},
	edition = {1} 
}

@book{wilson:10, 
	author = {Robin J. Wilson},
	year = {2010},
	title = {Introduction to Graph Theory},
	publisher = {Pearson},
	edition = {5}
}

@book{gibbons:85,
	author = {Alan Gibbons},
	year = {1985},
	title = {Algorithmic Graph Theory},
	publisher = {Cambrdige University Press}
}

@book{evans:92,
	author = {James {R. Evans} and Edward Minieka},
	year = {1992},
	title = {Optimisation Algorithms for Networks and Graphs}, 
	publisher = {Marcel Dekker Inc.}
}

@article{kumar:10,
	author = {Raeksh Kumar and Mahesh Kumar},
	year = {2010},
	title = {Exploring Genetic Algorithms for Shortest Path Optimisation Data Networks},
	journal = {Global Journal of Computer Science and Technology}, 
	volume = {10},
	number = {11},
	pages = {8-12}
} 

@article{yang:10, 
	author = {Shengxiang {Yang, Member IEEE} and Hui Cheng and Fang {Wang, Member IEEE}},
	year = {2010},
	title = {Genetic Algorithms With Immigrants and Memory Schemes for Dynamic Shortest Path Routing Problems in Mobile Ad Hoc Networks},
	journal = {IEEE Transactions on Systems, Man and Cybernetics - Part C: Applications and Reviews},
	volume = {40},
	number = {1} ,
	pages = {52-63}	
}

@article{irfanti:2016,
	author = {Asti {Dwi Irfanti} and Retantyo Wardoyo and Sri Hartati and Endang Sulistyoningsih}, 
	year = {2016},
	title = {Determination of Selection Method in Genetic Algorithm for Land Suitability},
	journal = {MATEC Web of Conferences},
	volume = {58} 
}

@article{yussof:09,
	author = {Salman Yussof and Rina {Azlin Razali} and Ong {Hang See}},
	year = {2009},
	title = {A Parallel Genetic Algorithm for Shortest Path Routing Problem},
	journal = {2009 International Conference on Future Computer and Communication},
} 


@article{gonen:11, 
	author={Bilal Gonen},
	year = {2011},
	title = {Genetic Algoithm for Finding Shortest Path in Networks},
	journal = {The 2011 International Conference on Genetic and Evolutionary Methods}
}

